@article{Caesar2007,
  author={"Caesar, Ingo"},
  title={"Web 2.0 aus Nutzer- und Bibliothekssicht: Vorrang f{\"u}r Kernaufgaben
    der Bibliothek"},
  URL={"http://www.ib.hu-berlin.de/~libreas/libreas{\_}neu/ausgabe10/001cae.htm"},
  volume={"3"},
  number={"10/11"},
  year={"2007"}
}

