@article{Hauschke2007,
  author={"Hauschke, Christian and Lohre, Sarah and Ullmann, Nadine"},
  title={"Libworld. Biblioblogs global"},
  URL={"http://www.ib.hu-berlin.de/~libreas/libreas{\_}neu/ausgabe10/002hau.htm"},
  volume={"3"},
  number={"10/11"},
  year={"2007"}
}

