@article{Hobohm2007,
  author={"Hobohm, Hans-Christoph"},
  title={"Bibliothek(swissenschaft) 2.0: Neue Auflage oder Wende in Forschung und
    Lehre?"},
  URL={"http://www.ib.hu-berlin.de/~libreas/libreas{\_}neu/ausgabe10/003hob.htm"},
  volume={"3"},
  number={"10/11"},
  year={"2007"}
}

